@article{maskin1999nash,
  title={Nash equilibrium and welfare optimality},
  author={Maskin, Eric},
  journal={The Review of Economic Studies},
  volume={66},
  number={1},
  pages={23--38},
  year={1999},
  publisher={Wiley-Blackwell}
}

@book{krippendorff2018content,
  title={Content analysis: An introduction to its methodology},
  author={Krippendorff, Klaus},
  year={2004},
  publisher={Sage publications}
}

@inproceedings{ester1996density,
  title={A density-based algorithm for discovering clusters in large spatial databases with noise.},
  author={Ester, Martin and Kriegel, Hans-Peter and Sander, J{\"o}rg and Xu, Xiaowei and others},
  booktitle={Kdd},
  volume={96},
  number={34},
  pages={226--231},
  year={1996}
}

@inproceedings{belfodil2019dEV,
 title={DEvIANT: Discovering Significant Exceptional (Dis-) Agreement Within Groups},
 author={Belfodil, Adnene and Duivesteijn, Wouter and Plantevit, Marc and Cazalens, Sylvie and Lamarre, Philippe},
 year={2019},
 booktitle={Joint European Conference on Machine Learning and Knowledge Discovery in Databases},
 organization={Springer}
}

@article{levandowsky1971distance,
  title={Distance between sets},
  author={Levandowsky, Michael and Winter, David},
  journal={Nature},
  volume={234},
  number={5323},
  pages={34},
  year={1971},
  publisher={Nature Publishing Group}
}

@article{rousseeuw1987silhouettes,
  title={Silhouettes: a graphical aid to the interpretation and validation of cluster analysis},
  author={Rousseeuw, Peter J},
  journal={Journal of computational and applied mathematics},
  volume={20},
  pages={53--65},
  year={1987},
  publisher={Elsevier}
}

@article{murtagh2014ward,
  title={Ward’s hierarchical agglomerative clustering method: which algorithms implement Ward’s criterion?},
  author={Murtagh, Fionn and Legendre, Pierre},
  journal={Journal of classification},
  volume={31},
  number={3},
  pages={274--295},
  year={2014},
  publisher={Springer}
}

@Inbook{Jin2010,
author="Jin, Xin
and Han, Jiawei",
editor="Sammut, Claude
and Webb, Geoffrey I.",
title="Partitional Clustering",
bookTitle="Encyclopedia of Machine Learning",
year="2010",
publisher="Springer US",
address="Boston, MA",
pages="766--766",
isbn="978-0-387-30164-8",
doi="10.1007/978-0-387-30164-8_631",
url="https://doi.org/10.1007/978-0-387-30164-8_631"
}

@misc{DecentralizationCrypto,
  title = {Measuring Decentralization in Crypto},
  authors = {Vishal Karir},
  howpublished = {\url{https://medium.com/ethos-io/measuring-decentralization-in-crypto-4aa5864d9f71}},
  note = {Accessed: 2019-07-30}
}

@article{rhoades1993herfindahl,
  title={The herfindahl-hirschman index},
  author={Rhoades, Stephen A},
  journal={Fed. Res. Bull.},
  volume={79},
  pages={188},
  year={1993},
  publisher={HeinOnline}
}

@article{gencer2018decentralization,
  title={Decentralization in bitcoin and ethereum networks},
  author={Gencer, Adem Efe and Basu, Soumya and Eyal, Ittay and Van Renesse, Robbert and Sirer, Emin G{\"u}n},
  journal={arXiv preprint arXiv:1801.03998},
  year={2018}
}

@article{gervais2014bitcoin,
  title={Is bitcoin a decentralized currency?},
  author={Gervais, Arthur and Karame, Ghassan O and Capkun, Vedran and Capkun, Srdjan},
  journal={IEEE security \& privacy},
  volume={12},
  number={3},
  pages={54--60},
  year={2014},
  publisher={IEEE}
}

@article{miller2015discovering,
  title={Discovering bitcoin’s public topology and influential nodes},
  author={Miller, Andrew and Litton, James and Pachulski, Andrew and Gupta, Neal and Levin, Dave and Spring, Neil and Bhattacharjee, Bobby},
  journal={et al},
  year={2015}
}
@article{kwon2019impossibility,
  title={Impossibility of Full Decentralization in Permissionless Blockchains},
  author={Kwon, Yujin and Liu, Jian and Kim, Minjeong and Song, Dawn and Kim, Yongdae},
  journal={arXiv preprint arXiv:1905.05158},
  year={2019}
}