@inproceedings{kamvar2003eigentrust,
  title={The eigentrust algorithm for reputation management in p2p networks},
  author={Kamvar, Sepandar D and Schlosser, Mario T and Garcia-Molina, Hector},
  booktitle={Proceedings of the 12th international conference on World Wide Web},
  pages={640--651},
  year={2003},
  organization={ACM}
}

@inproceedings{srivatsa2005trustguard,
  title={TrustGuard: countering vulnerabilities in reputation management for decentralized overlay networks},
  author={Srivatsa, Mudhakar and Xiong, Li and Liu, Ling},
  booktitle={Proceedings of the 14th international conference on World Wide Web},
  pages={422--431},
  year={2005},
  organization={ACM}
}